@book{vaticane-reine,
  title = {Fonds Patetta et Fonds de La Reine},
  author = {Pellegrin, Élisabeth},
  Address                  = {Paris},
  date = {1978},
  volume = {2},
  maintitle = {Les Manuscrits Classiques Latins de La {{Bibliothèque Vaticane}}},
  keywords = {catalogue},
publisher = {Éditions du Centre national de la recherche scientifique},
}


@Book{lorsch,
  title = {Annales Laureshamenses},
  date = {1876},
  pages = {19-39},
  publisher = {Hahn},
  address = {Hannover},
  series = {Monumenta Germaniae Historica},
  Shortseries = {MGH},
  Subseries = {Scriptores},
  Shortsubseries = {SS},
  Subnumber = {1},
  editor = {Georgius Henricus Pertz},
  keywords = {sources-primaires},
}

@Book{fortunat-martin,
  title                    = {Vie de Saint Martin},
  Author                   = {{Venance Fortunat}},
  Editor                   = {Quesnel, Solange},
  maintitle                = {Œuvres},
  Date                     = {1996},

  Address                  = {Paris},
  Series                   = {Collection des Universités de France},
  Translator               = {Solange Quesnel},
  Volume                   = {4},
  publisher               = {Les Belles Lettres},
  Keywords                 = {sources-primaires}
}




@Article{venance-edifices,
  Title                    = {Le discours sur les édifices religieux dans les \emph{Carmina} de Venance Fortunat: entre création poétique originale et héritage de Paulin de Nole},
  Author                   = {Gaëlle Herbert de la Portbarré-Viard},
  Journal                  = {Camenae},
  Date                     = {2012},
  Pagination   			   = {paragraph},
  Month                    = {4},
  Volume                   = {11},

  Issuetitle               = {Présence et visage de Vénance Fortunat},
  urldate                  = {2018-03-30},
  Url                      = {http://lettres.sorbonne-universite.fr/IMG/pdf/5Viard_Camenae.pdf}
}


@Article{arcadie-venance,
  Title                    = {L'Arcadie chrétienne de Venance Fortunat},
  Author                   = {Anne Rolet},
  Journal                  = {Médiévales},
  Date                     = {1996},
  Pages                    = {109-127},
  Subtitle                 = {Un projet culturel, spirituel et social dans la Gaule mérovingienne},
  Volume                   = {31},
  gender                    = {sf},
  Issuesubtitle            = {Hommage à Jean Devisse},
  Issuetitle               = {La mort des grands},
}


@article{george1987,
journal = {Journal of medieval history},
pages = {189-205},
volume = {13},
number = {3},
date = {1987},
title = {Portraits of two merovingian bishops in the poetry of Venantius Fortunatus},
address = {Oxford},
author = {George, Judith W.},
gender = {sf}
}


@book{george1992,
  title = {Venantius Fortunatus: a Latin poet in Merovingian Gaul},
  shorttitle = {Venantius Fortunatus},
  author = {George, Judith W.},
  date = {1992},
  publisher = {Clarendon press},
  address = {Oxford},
  gender = {sf}
}

@Inbook{favreau-fortunat,
  Title                    = {Fortunat et l'épigraphie},
  Pages                    = {531-546},
  Booktitle                = {Études d'épigraphie médiévale},
  Author                   = {Robert Favreau},
  Publisher                = {PULIM},
  Date                     = {1996},
  Address                  = {Limoges},
  Volume                   = {1},
  Booktitleaddon               = {Recueil d'articles de Robert Favreau rassemblés à l'occasion de son départ à la retraite},
}


@Incollection{meyers-vie-mort,
  Title                    = {L'influence de la poésie classique dans les \emph{Carmina epigraphica} funéraires d'Afrique du Nord},
  Author                   = {Jean Meyers},
  Pages                    = {306-322},
  booktitle                    = {Vie, mort et poésie dans l'Afrique romaine},
  Editor                   = {Christine Hamdoune},
  Publisher                = {Latomus},
  Date                     = {2011},

  Address                  = {Bruxelles},
  Number                   = {330},
  Series                   = {Collection Latomus},
  Subtitle                 = {D'après un choix de \enquote{Carmina Latina Epigraphica}},
 }


@inproceedings{stella-venanzio,
  title = {Venanzio Fortunato Nella Poesia Mediolatina},
  booktitle = {Venanzio Fortunato e Il Suo Tempo},
  author = {Stella, Francesco},
  pages = {269-290},
  Date                     = {2003},
  Address                  = {Treviso},
  Publisher                = {Fondazione Cassamarca},
  Venue = {Convegno internazionale di studio (Valdobbidadene - Treviso, 2001)},
}


@book{bischoff-katalog,
  title = {Katalog Der Festländischen Handschriften Des Neunten Jahrhunderts (Mit Ausnahme Der Wisigothischen)},
  author = {Bischoff, Bernard},
  series = {Bayerische Akademie Der Wissenschaften},
  publisher = {Harrassowit Verlagz},
  address = {Wiesbaden},
  volumes = {4},
  keywords = {catalogue},
  date = {1998/2017}
}



@book{rolf-katalog,
  title = {Katalog Der Althochdeutschen Und Altsächsischen Glossenhandschriften},
  author = {Bergmann, Rolf and Stricker, Stefanie},
  date = {2005},
  publisher = {Walter de Gruyter},
  address = {Berlin - New York},
  volumes = {6},
  keywords = {catalogue}
}






@thesis{Germann2018,
title = {Germain, évêque de paris (v. 496/500-576), de l'aristocrate burgonde au saint parisien},
subtitle = {Parcours, réseaux et mémoire (début VIe-fin VIIIe siècle)},
year = {2018},
author = {Clara Germann},
type = {Thèse diplôme d'archiviste-paléographe},
institution = {École nationale des chartes},
address = {Paris}
}


@Book{possidius,
	author = {Possidius},
	title = {Vita sancti Aurelii Augustini Hipponensis Episcopi},
	Series                   = {Patrologiae cursus completus Series latina},
	Shortseries              = {PL},
	number                  = {32},
	Bookpagination           = {column},
	Pagination                = {column},
	pages                    = {33-66},
	Keywords                   = {Sources-primaires}
}
